% This file was created with Citavi 6.19.2.1

@article{Breier.2022,
  author  = {Breier, Susanne},
  year    = {2022},
  title   = {Bet{\"a}tigen mit neuester Technik -- Prothesen mit myoelektrischer Mustererkennung},
  pages   = {17--21},
  volume  = {15},
  number  = {06},
  issn    = {1439-2283},
  journal = {ergopraxis},
  doi     = {10.1055/a-1768-9331}
}


@misc{Kleiner.2022,
  abstract  = {In dieser Arbeit wird das Thema der Anpassung aktiver Prothesen der unteren Extremit{\"a}ten bei verschiedenen Untergr{\"u}nden behandelt. Bisherige Systeme werden auf Basis von Bewegung und Bodenreaktionskraft gesteuert und sind deswegen nicht f{\"u}r eine terrainabh{\"a}ngige Steuerung von Gelenkwinkeln und -momenten vor dem Betreten des Untergrunds geeignet. Dies ist f{\"u}r einen Komfort- und Sicherheitsgewinn jedoch notwendig. Daher wird in der vorliegenden Arbeit ein mobiles, radarbasiertes Messsystem vorgestellt, dass das vorliegende Terrain w{\"a}hrend der Bewegung erfasst und das Potenzial f{\"u}r eine vorausschauende Steuerung unter realen Einsatzbedingungen bietet. Damit wird die bisher fehlende visuelle R{\"u}ckkopplung an den Bewegungsapparat durch den Menschen in Teilen kompensiert. Teil der Entwicklung ist ein Verfahren zur zweidimensionalen Kartierung der Umgebungsstruktur. Mittels Inertialsensorik wird die Bewegung rekonstruiert und aus den synchron erfassten Radar-Entfernungsmessdaten wird ein 2D-Scan in der Sagittalebene errechnet. Es wurden Messergebnisse relevanter Terrain-{\"U}berg{\"a}nge exemplarisch untersucht und Hypothesen f{\"u}r die Rekonstruktion der Umgebungsstruktur aufgestellt. Auf dieser Basis wurde ein Verfahren zur Vereinzelung von Umgebungsstrukturen im Radarscan entwickelt. Die Erfassung markanter Ortsmerkmale erm{\"o}glichen eine Dimensionierung von Stufen, Treppen und Rampen. Ergebnisse aus einer Probandenstudie sowie aus Labormessungen zeigen Potential und Ausblick des Ansatzes und f{\"u}hren zu grundlegenden Erkenntnissen zum Einsatz des entwickelten radarbasierten Messsystems.
               
               This work addresses the topic of adaptation of active lower limb prostheses on different terrains. Previous systems are controlled based on movement and ground reaction force. Therefore, they are not suitable for a terrain-dependent control of joint angles and torques before stepping on the ground, which is necessary for comfort and safety. A mobile radarbased measurement system integrated into the prosthesis is presented. It detects the existing terrain during movement and offers the potential for predictive control under realistic operating conditions. It partially compensates the missing visual feedback to the artificial locomotor system by the human. Part of the development is a method for twodimensional mapping of the surrounding structure. The movement is reconstructed using inertial sensor data. A two-dimensional scan in the sagittal plane is generated from the synchronously acquired radar distance measurement data. The measurement results of relevant terrain transitions were examined and resulted in hypotheses to reconstruct the surrounding structure. The developed procedure is capable of detecting terrain structure features in the radar scan and enables the dimensioning of steps, stairs and ramps. Results from a study and laboratory measurements show the potential and outlook of the approach and lead to fundamental findings for the use of the developed radar-based measurement system.},
  author    = {Kleiner, Bernhard},
  date      = {2022},
  title     = {Radarbasierte Terrainerfassung zur vorausschauenden Steuerung aktiver Prothesen der unteren Extremit{\"a}ten},
  publisher = {{Universit{\"a}t Stuttgart}},
  doi       = {10.18419/opus-12567}
}


@article{Krassnitzer.2022,
  author  = {Krassnitzer, Michael},
  year    = {2022},
  title   = {Prothese mit Gef{\"u}hl},
  pages   = {34--35},
  volume  = {63},
  number  = {8-9},
  issn    = {0472-5530},
  journal = {Das {\"o}sterreichische Gesundheitswesen {\"O}KZ},
  doi     = {10.1007/s43830-022-0199-7}
}


@article{Lang.2023,
  author  = {Lang, Michael},
  year    = {2023},
  title   = {Intelligente Medizinprodukte: Prothesen lernen nie aus},
  pages   = {102--104},
  volume  = {28},
  number  = {02/03},
  issn    = {1439-3514},
  journal = {kma - Klinik Management aktuell},
  doi     = {10.1055/s-0043-1768323}
}


@article{Scharf.2023,
  abstract = {BACKGROUND
              
              Endoprosthesis infections represent a~major challenge for doctors and patients. Due to the increase in endoprosthesis implantation because of the increasing life expectancy, an increase in endoprosthesis infections is to be expected. In addition to infection prophylaxis, methods of infection control become highly relevant, especially in the group of geriatric and multimorbid patients. The aim is to reduce the high 1{\hbox{-}}year mortality from prosthesis infections through a~structured algorithm.
              
              ALGORITHM FOR PROSTHESIS INFECTIONS
              
              Prosthesis infections can basically be divided into early and late infections. According to the criteria of the International Consensus Meeting, a~late infection is defined as the occurrence more than 30~days after implantation. With respect to the planned approach, the (p)TNM classification offers an orientation. In the early postoperative interval the clinical appearance is crucial as in this phase neither laboratory parameters nor an analysis of synovial fluid show a~high sensitivity. It is fundamental that, apart from patients with sepsis, environment diagnostics should be initiated. If a~late infection is suspected, in addition to radiological diagnostics (X-ray, skeletal scintigraphy and if necessary, computed tomography, CT), laboratory (C-reactive protein, CRP, leukocytes, blood sedimentation, and if necessary, interleukin{\hbox{-}}6, procalcitonin) and microbiological diagnostics (arthrocentesis with synovial analysis and microbiology) are indicated; however, in addition to the arthrocentesis result, the clinical appearance is crucial in cases where an exclusion cannot be confirmed by laboratory parameters. If an infection is confirmed, the treatment depends on the spectrum of pathogens, the soft tissue situation and the comorbidities, including a~multistage procedure with temporary explantation and, if necessary, implantation of an antibiotic-containing spacer is necessary. A~prosthesis preservation using the debridement, antibiotics and implant retention (DAIR) regimen is only appropriate in an acute infection situation. Basically, radical surgical debridement should be carried out to reduce the pathogen load and treatment of a~possible biofilm formation for both early and late infections. The subsequent antibiotic treatment (short or long interval) should be coordinated with the infectious disease specialists.
              
              CONCLUSION
              
              A~structured approach for prosthesis infections oriented to an evidence-based algorithm provides a~sufficient possibility of healing. An interdisciplinary approach involving cooperation between orthopedic and infectious disease specialists has proven to be beneficial. Surgical treatment with the aim of reducing the bacterial load by removing the biofilm with subsequent antibiotic treatment is of intrinsic importance.
              
              ZUSAMMENFASSUNG
              
              HINTERGRUND: Endoprotheseninfekte stellen Arzt und Patienten vor gro{\ss}e Herausforderungen. Durch den Anstieg der endoprothetischen Versorgung aufgrund der steigenden Lebenserwartung ist mit einer Zunahme von Endoprotheseninfekten zu rechnen. Neben den Methoden der Infektprophylaxe r{\"u}cken bei zunehmendem geriatrischem und polymorbidem Patientengut Methoden der Infektbeherrschung in den Vordergrund mit dem Ziel, durch ein strukturiertes Vorgehen bei infizierter Prothese die hohe 1{\hbox{-}}Jahres-Mortalit{\"a}t zu senken.
              
              ALGORITHMUS BEI PROTHESENINFEKTEN
              
              Protheseninfekte lassen sich grunds{\"a}tzlich in Fr{\"u}h- und Sp{\"a}tinfekte unterteilen, hierbei wird ein Sp{\"a}tinfekt gem{\"a}{\ss} den Kriterien des International Consensus Meetings als ein Auftreten 30~Tage nach durchgef{\"u}hrter Implantation bezeichnet. Hinsichtlich des geplanten Vorgehens bietet die (p)TNM-Klassifikation eine Orientierung. Im fr{\"u}hen postoperativen Intervall ist das klinische Erscheinungsbild entscheidend, da in dieser Phase weder laborchemische Parameter noch eine Synoviaanalyse eine hohe Sensitivit{\"a}t zeigen. Grunds{\"a}tzlich ist, abgesehen vom septischen Patienten, eine Umfelddiagnostik einzuleiten. Bei Verdacht auf Sp{\"a}tinfekt sind neben einer radiologischen Diagnostik (R{\"o}ntgen, Skelettszintigraphie, ggf. Computertomographie) eine laborchemische (CRP [C-reaktives Protein], Leukozyten, Blutsenkung, ggf. Interleukin{\hbox{-}}6, Procalcitonin) und mikrobiologische Diagnostik (Punktion mit Synoviaanalyse und Mikrobiologie) angezeigt. Ma{\ss}geblich ist jedoch auch hier neben dem Punktionsergebnis das klinische Erscheinungsbild bei keinem sicheren Ausschluss durch laborchemische Parameter. Bei Infektnachweis ist abh{\"a}ngig vom Keimspektrum, von der Weichteilsituation und den Begleiterkrankungen u. a. ein mehrzeitiges Vorgehen mit tempor{\"a}rer Explantation und ggf. Implantation eines antibiotikahaltigen Spacers notwendig. Ein Prothesenerhalt unter Anwendung des DAIR({\glqq}debridement, antibiotics and implant retention{\grqq})-Regimes ist einzig in der akuten Infektsituation zielf{\"u}hrend. Grunds{\"a}tzlich sollte sowohl beim Fr{\"u}h- als auch Sp{\"a}tinfekt zur Reduktion der Keimlast und Behandlung einer m{\"o}glichen stattgehabten Biofilmbildung ein radikales chirurgisches D{\'e}bridement erfolgen. Die nachfolgende antibiotische Therapie (kurzes bzw. langes Intervall) sollte in Abstimmung mit der Infektiologie erfolgen.
              
              SCHLUSSFOLGERUNG
              
              Ein strukturiertes Vorgehen bei Protheseninfekten, orientiert an einem evidenzbasierten Algorithmus, bietet eine suffiziente Heilungsm{\"o}glichkeit. Hierbei zeigt sich ein interdisziplin{\"a}rer Ansatz unter Zusammenarbeit von Orthop{\"a}die und Infektiologie als zielf{\"u}hrend. Von immanenter Wichtigkeit ist die chirurgische Therapie mit dem Ziel der Reduktion der Keimlast unter der Pr{\"a}misse der Biofilmentfernung mit nachfolgender antibiotischer Therapie.},
  author   = {Scharf, Markus and Schraag, Amadeus Dominik and Ehrnsperger, Marianne and Grifka, Joachim},
  year     = {2023},
  title    = {Strukturiertes Vorgehen bei infizierter Prothese},
  pages    = {859--866},
  volume   = {82},
  number   = {10},
  journal  = {Zeitschrift fur Rheumatologie},
  doi      = {10.1007/s00393-023-01421-7}
}


@article{Zimmermanna.,
  author = {Zimmermanna, Julia and Knuppb, Markus},
  title  = {Wieviel ligament{\"a}re Stabilit{\"a}t ben{\"o}tigt eine Sprunggelenks-prothese?}
}

@book{sch04,
  author    = {W.~Schneider and S.~Haas},
  title     = {Repetitorium Thermodynamik},
  booktitle = {},
  edition   = {2., "uberarbeitete Auflage},
  publisher = {Oldenbourg},
  address   = {{Wien M"unchen}},
  year      = {2004}
}

@misc{meh10,
  author       = {A.~Mehrle},
  title        = {{Technische Mechanik II: Elastostatik}},
  howpublished = {Skriptum},
  note         = {{Management Center Innsbruck}},
  year         = {2010}
}

@article{kat06,
  author  = {J.~Katz},
  title   = {Aerodynamics of Race Cars},
  journal = {Ann.~Rev.~of Fluid Mech.},
  pages   = {27-63},
  volume  = {38},
  year    = {2006}
}